@Misc{ wiki:xxx,
author = "Wikipedia",
title = "Redefinici√≥n de planeta de 2006 --- Wikipedia{,} La enciclopedia libre",
year = "2010",
note = "[Internet; descargado 2-febrero-2010]",
howpublished = "\url{http://es.wikipedia.org/w/index.php?title=Redefinici%C3%B3n_de_planeta_de_2006&oldid=32754396}",
}

@Misc{ sqlite:datatypes,
author = "Pagina oficial de SQLite",
title = "Datatypes In SQLite Version 3",
year = "2012",
note = "[Internet; descargado 2-febrero-2011",
howpublished = "\url{http://www.sqlite.org/datatype3.html}",
}

@Misc{ mysql:datatypes,
author = "Pagina oficial de MySQL",
title = "Datatypes In SQLite Version 3",
year = "2012",
note = "[Internet; descargado 2-febrero-2011",
howpublished = "\url{http://www.sqlite.org/datatype3.html}",
}
@Misc{ postgre:datatypes,
author = "Pagina oficial de MySQL",
title = "Datatypes In SQLite Version 3",
year = "2012",
note = "[Internet; descargado 2-febrero-2011",
howpublished = "\url{http://www.sqlite.org/datatype3.html}",
}